@article{koethe2009binocular,
  title     = {Binocular depth inversion as a paradigm of reduced visual information processing in prodromal state, antipsychotic-naive and treated schizophrenia},
  author    = {Koethe, Dagmar and Kranaster, Laura and Hoyer, Carolin and Gross, Sonja and Neatby, Miriam A and Schultze-Lutter, Frauke and Ruhrmann, Stephan and Klosterk{\"o}tter, Joachim and Hellmich, Martin and Leweke, F Markus},
  journal   = {European Archives of Psychiatry and Clinical Neuroscience},
  volume    = {259},
  number    = {4},
  pages     = {195--202},
  year      = {2009},
  publisher = {Springer}
}
@article{adams2013computational,
  title     = {The computational anatomy of psychosis},
  author    = {Adams, Rick A and Stephan, Klaas Enno and Brown, Harriet R and Frith, Christopher D and Friston, Karl J},
  journal   = {Frontiers in psychiatry},
  volume    = {4},
  pages     = {47},
  year      = {2013},
  publisher = {Frontiers Media SA}
}

@article{friston2010free,
  title     = {The free-energy principle: a unified brain theory?},
  author    = {Friston, Karl},
  journal   = {Nature reviews neuroscience},
  volume    = {11},
  number    = {2},
  pages     = {127--138},
  year      = {2010},
  publisher = {Nature publishing group}
}

@article{bayestestRArticle,
  title        = {{{bayestestR}}: Describing Effects and Their Uncertainty, Existence and
                  Significance within the {{Bayesian}} Framework},
  shorttitle   = {{{bayestestR}}},
  author       = {Makowski,
                  Dominique and Ben-Shachar, Mattan and L\"udecke, Daniel},
  date         = {2019-08-13},
  journaltitle = {Journal
                  of Open Source Software},
  shortjournal = {JOSS},
  volume       = {4},
  number       = {40},
  pages        = {1541},
  issn         = {2475-9066},
  doi          = {10.21105/joss.01541},
  url          = {https://joss.theoj.org/papers/10.21105/joss.01541},
  urldate      = {2022-03-23}
}

@article{correlationArticle,
  title        = {Methods and Algorithms for Correlation Analysis in {{R}}},
  author       = {Makowski, Dominique and Ben-Shachar, Mattan and Patil, Indrajeet and L\"udecke, Daniel},
  date         = {2020-07-16},
  journaltitle = {Journal of Open Source Software},
  shortjournal = {JOSS},
  volume       = {5},
  number       = {51},
  pages        = {2306},
  issn         = {2475-9066},
  doi          = {10.21105/joss.02306},
  url          = {https://joss.theoj.org/papers/10.21105/joss.02306},
  urldate      = {2022-03-23}
}

@article{parametersArticle,
  title        = {Extracting, Computing and Exploring the Parameters of Statistical
                  Models Using {{R}}},
  author       = {L\"udecke, Daniel and Ben-Shachar, Mattan and Patil, Indrajeet and
                  Makowski, Dominique},
  date         = {2020-09-09},
  journaltitle = {Journal of Open Source Software},
  shortjournal = {JOSS},
  volume       = {5},
  number       = {53},
  pages        = {2445},
  issn         = {2475-9066},
  doi          = {10.21105/joss.02445},
  url          = {https://joss.theoj.org/papers/10.21105/joss.02445},
  urldate      = {2021-06-30}
}

@article{performanceArticle,
  title        = {{{performance}}: An {{R}} Package for Assessment, Comparison and
                  Testing of Statistical Models},
  shorttitle   = {{{performance}}},
  author       = {L\"udecke, Daniel and
                  Ben-Shachar, Mattan and Patil, Indrajeet and Waggoner, Philip and Makowski, Dominique},
  date         = {2021-04-21},
  journaltitle = {Journal of Open Source Software},
  shortjournal = {JOSS},
  volume       = {6},
  number       = {60},
  pages        = {3139},
  issn         = {2475-9066},
  doi          = {10.21105/joss.03139},
  url          = {https://joss.theoj.org/papers/10.21105/joss.03139},
  urldate      = {2022-03-23}
}

@article{insightArticle,
  title        = {Insight: A Unified Interface to Access Information from Model Objects in
                  {{R}}},
  shorttitle   = {Insight},
  author       = {L\"udecke, Daniel and Waggoner, Philip and Makowski,
                  Dominique},
  date         = {2019-06-25},
  journaltitle = {Journal of Open Source Software},
  shortjournal = {JOSS},
  volume       = {4},
  number       = {38},
  pages        = {1412},
  issn         = {2475-9066},
  doi          = {10.21105/joss.01412},
  url          = {http://joss.theoj.org/papers/10.21105/joss.01412},
  urldate      = {2022-03-23}
}

@article{carbon2014,
  title   = {Understanding human perception by human-made illusions},
  author  = {Carbon, Claus-Christian},
  year    = {2014},
  date    = {2014},
  journal = {Frontiers in Human Neuroscience},
  volume  = {8},
  url     = {https://www.frontiersin.org/articles/10.3389/fnhum.2014.00566}
}

@article{burkner2020modelling,
  title     = {Modelling monotonic effects of ordinal predictors in Bayesian regression models},
  author    = {B{\"u}rkner, Paul-Christian and Charpentier, Emmanuel},
  journal   = {British Journal of Mathematical and Statistical Psychology},
  volume    = {73},
  number    = {3},
  pages     = {420--451},
  year      = {2020},
  publisher = {Wiley Online Library}
}

@article{makowski2019indices,
  title     = {Indices of effect existence and significance in the Bayesian framework},
  author    = {Makowski, Dominique and Ben-Shachar, Mattan S and Chen, SH Annabel and L{\"u}decke, Daniel},
  journal   = {Frontiers in psychology},
  volume    = {10},
  pages     = {2767},
  year      = {2019},
  publisher = {Frontiers Media SA}
}

@article{day1972,
  title   = {Visual Spatial Illusions: A General Explanation: A wide range of visual illusions, including geometrical distortions, can be explained by a single principle.},
  author  = {Day, R. H.},
  year    = {1972},
  month   = {03},
  date    = {1972-03-24},
  journal = {Science},
  pages   = {1335--1340},
  volume  = {175},
  number  = {4028},
  doi     = {10.1126/science.175.4028.1335},
  url     = {https://www.science.org/doi/10.1126/science.175.4028.1335},
  langid  = {en}
}

@article{eagleman2001,
  title   = {Visual illusions and neurobiology},
  author  = {Eagleman, David M.},
  year    = {2001},
  month   = {12},
  date    = {2001-12},
  journal = {Nature Reviews Neuroscience},
  pages   = {920--926},
  volume  = {2},
  number  = {12},
  doi     = {10.1038/35104092},
  url     = {http://www.nature.com/articles/35104092},
  langid  = {en}
}

@article{manassi2022,
  title   = {Illusion of visual stability through active perceptual serial dependence},
  author  = {Manassi, Mauro and Whitney, David},
  year    = {2022},
  month   = {01},
  date    = {2022-01-12},
  journal = {Science Advances},
  pages   = {eabk2480},
  volume  = {8},
  number  = {2},
  doi     = {10.1126/sciadv.abk2480},
  url     = {https://www.science.org/doi/full/10.1126/sciadv.abk2480},
  note    = {Publisher: American Association for the Advancement of Science}
}

@article{notredame2014,
  title   = {What visual illusions teach us about schizophrenia},
  author  = {Notredame, Charles-Edouard and Pins, Delphine and Deneve, Sophie and Jardri, Renaud},
  year    = {2014},
  month   = {08},
  date    = {2014-08-12},
  journal = {Frontiers in Integrative Neuroscience},
  pages   = {63},
  volume  = {8},
  doi     = {10.3389/fnint.2014.00063},
  url     = {https://www.ncbi.nlm.nih.gov/pmc/articles/PMC4130106/},
  note    = {PMID: 25161614
             PMCID: PMC4130106}
}

@article{gori2016,
  title   = {Visual Illusions: An Interesting Tool to Investigate Developmental Dyslexia and Autism Spectrum Disorder},
  author  = {Gori, Simone and Molteni, Massimo and Facoetti, Andrea},
  year    = {2016},
  month   = {04},
  date    = {2016-04-25},
  journal = {Frontiers in Human Neuroscience},
  pages   = {175},
  volume  = {10},
  doi     = {10.3389/fnhum.2016.00175},
  url     = {https://www.ncbi.nlm.nih.gov/pmc/articles/PMC4842763/},
  note    = {PMID: 27199702
             PMCID: PMC4842763}
}

@article{razeghi2022,
  title   = {The effect of visual illusion on performance and quiet eye in autistic children},
  author  = {Razeghi, Rahil and Arsham, Saeed and Movahedi, Ahmadreza and Sammaknejad, Negar},
  year    = {2022},
  month   = {04},
  date    = {2022-04-04},
  journal = {Early Child Development and Care},
  pages   = {807--815},
  volume  = {192},
  number  = {5},
  doi     = {10.1080/03004430.2020.1802260},
  url     = {https://doi.org/10.1080/03004430.2020.1802260},
  note    = {Publisher: Routledge
             {\_}eprint: https://doi.org/10.1080/03004430.2020.1802260}
}

@article{caporuscio2022,
  title   = {When seeing is not believing: A mechanistic basis for predictive divergence},
  author  = {Caporuscio, Chiara and Fink, Sascha Benjamin and Sterzer, Philipp and Martin, Joshua M.},
  year    = {2022},
  month   = {07},
  date    = {2022-07},
  journal = {Consciousness and Cognition},
  pages   = {103334},
  volume  = {102},
  doi     = {10.1016/j.concog.2022.103334},
  note    = {PMID: 35679724},
  langid  = {eng}
}

@article{gomez-villa2022,
  title   = {On the synthesis of visual illusions using deep generative models},
  author  = {Gomez-Villa, Alex and {Martín}, {Adrián} and Vazquez-Corral, Javier and {Bertalmío}, Marcelo and Malo, {Jesús}},
  year    = {2022},
  month   = {07},
  date    = {2022-07-11},
  journal = {Journal of Vision},
  pages   = {2},
  volume  = {22},
  number  = {8},
  doi     = {10.1167/jov.22.8.2},
  note    = {PMID: 35833884
             PMCID: PMC9290318},
  langid  = {eng}
}

@article{lamme2020,
  title   = {Visual Functions Generating Conscious Seeing},
  author  = {Lamme, Victor A. F.},
  year    = {2020},
  date    = {2020},
  journal = {Frontiers in Psychology},
  volume  = {11},
  url     = {https://www.frontiersin.org/articles/10.3389/fpsyg.2020.00083}
}

@article{teufel2020,
  title   = {Forms of prediction in the nervous system},
  author  = {Teufel, Christoph and Fletcher, Paul C.},
  year    = {2020},
  month   = {04},
  date    = {2020-04-15},
  journal = {Nature Reviews Neuroscience},
  pages   = {231--242},
  volume  = {21},
  number  = {4},
  doi     = {10.1038/s41583-020-0275-5},
  url     = {http://www.nature.com/articles/s41583-020-0275-5},
  langid  = {en}
}

@article{teufel2015,
  title   = {Shift toward prior knowledge confers a perceptual advantage in early psychosis and psychosis-prone healthy individuals},
  author  = {Teufel, Christoph and Subramaniam, Naresh and Dobler, Veronika and Perez, Jesus and Finnemann, Johanna and Mehta, Puja R. and Goodyer, Ian M. and Fletcher, Paul C.},
  year    = {2015},
  month   = {10},
  date    = {2015-10-27},
  journal = {Proceedings of the National Academy of Sciences},
  pages   = {13401--13406},
  volume  = {112},
  number  = {43},
  doi     = {10.1073/pnas.1503916112},
  url     = {https://pnas.org/doi/full/10.1073/pnas.1503916112},
  langid  = {en}
}

@article{de2015jspsych,
  title     = {jsPsych: A JavaScript library for creating behavioral experiments in a Web browser},
  author    = {De Leeuw, Joshua R},
  journal   = {Behavior research methods},
  volume    = {47},
  number    = {1},
  pages     = {1--12},
  year      = {2015},
  publisher = {Springer}
}

@book{bednarek2015,
  title  = {THE ANALYSIS OF SUSCEPTIBILITY TO VISUAL ILLUSIONS IN THE CONTEXT OF FIELD DEPENDENCE-INDEPENDENCE AND GENDER},
  author = {Bednarek, Hanna},
  year   = {2015},
  month  = {10},
  date   = {2015-10-30},
  doi    = {10.13140/RG.2.1.2284.2324},
  note   = {DOI: 10.13140/RG.2.1.2284.2324}
}

@article{mylniec2016,
  title   = {Field Dependence, Efficiency of Information Processing in Working Memory and Susceptibility to Orientation Illusions among Architects},
  author  = {Mylniec, Agnieszka and Bednarek, Hanna},
  year    = {2016},
  date    = {2016},
  journal = {Polish Psychological Bulletin},
  pages   = {112--122},
  volume  = {47},
  number  = {1},
  doi     = {10.1515/ppb-2016-0012}
}

@article{cretenoud2019,
  title   = {Factors underlying visual illusions are illusion-specific but not feature-specific},
  author  = {Cretenoud, Aline F. and Karimpur, Harun and Grzeczkowski, Lukasz and Francis, Gregory and Hamburger, Kai and Herzog, Michael H.},
  year    = {2019},
  month   = {12},
  date    = {2019-12-12},
  journal = {Journal of Vision},
  pages   = {12},
  volume  = {19},
  number  = {14},
  doi     = {10.1167/19.14.12},
  url     = {https://doi.org/10.1167/19.14.12}
}

@article{balota2011moving,
  title     = {Moving beyond the mean in studies of mental chronometry: The power of response time distributional analyses},
  author    = {Balota, David A and Yap, Melvin J},
  journal   = {Current Directions in Psychological Science},
  volume    = {20},
  number    = {3},
  pages     = {160--166},
  year      = {2011},
  publisher = {Sage Publications Sage CA: Los Angeles, CA}
}

@article{matzke2009psychological,
  title     = {Psychological interpretation of the ex-Gaussian and shifted Wald parameters: A diffusion model analysis},
  author    = {Matzke, Dora and Wagenmakers, Eric-Jan},
  journal   = {Psychonomic bulletin \& review},
  volume    = {16},
  number    = {5},
  pages     = {798--817},
  year      = {2009},
  publisher = {Springer}
}

@article{teufel2018,
  title   = {Prior object-knowledge sharpens properties of early visual feature-detectors},
  author  = {Teufel, Christoph and Dakin, Steven C. and Fletcher, Paul C.},
  year    = {2018},
  month   = {12},
  date    = {2018-12},
  journal = {Scientific Reports},
  pages   = {10853},
  volume  = {8},
  number  = {1},
  doi     = {10.1038/s41598-018-28845-5},
  url     = {http://www.nature.com/articles/s41598-018-28845-5},
  langid  = {en}
}

@article{park2022,
  title   = {Visual Illusion Susceptibility in Autism: A Neural Model},
  author  = {Park, Sangwook and Zikopoulos, Basilis and Yazdanbakhsh, Arash},
  year    = {2022},
  month   = {06},
  date    = {2022-06-01},
  journal = {European Journal of Neuroscience},
  volume  = {56},
  doi     = {10.1111/ejn.15739}
}

@article{grzeczkowski2018,
  title   = {Is the perception of illusions abnormal in schizophrenia?},
  author  = {Grzeczkowski, Lukasz and Roinishvili, Maya and Chkonia, Eka and Brand, Andreas and Mast, Fred W. and Herzog, Michael H. and Shaqiri, Albulena},
  year    = {2018},
  month   = {12},
  date    = {2018-12-01},
  journal = {Psychiatry Research},
  pages   = {929--939},
  volume  = {270},
  doi     = {10.1016/j.psychres.2018.10.063},
  url     = {https://www.sciencedirect.com/science/article/pii/S0165178117305978},
  langid  = {en}
}

@article{manning2017,
  title   = {Susceptibility to Ebbinghaus and Müller-Lyer illusions in autistic children: a comparison of three different methods},
  author  = {Manning, Catherine and Morgan, Michael J. and Allen, Craig T. W. and Pellicano, Elizabeth},
  year    = {2017},
  month   = {03},
  date    = {2017-03-23},
  journal = {Molecular Autism},
  pages   = {16},
  volume  = {8},
  number  = {1},
  doi     = {10.1186/s13229-017-0127-y},
  url     = {https://doi.org/10.1186/s13229-017-0127-y}
}

@article{makowski2021,
  title   = {A Parametric Framework to Generate Visual Illusions Using Python},
  author  = {Makowski, Dominique and Lau, Zen J. and Pham, Tam and Paul Boyce, W. and Annabel Chen, S.H.},
  year    = {2021},
  month   = {11},
  date    = {2021-11-01},
  journal = {Perception},
  pages   = {950--965},
  volume  = {50},
  number  = {11},
  doi     = {10.1177/03010066211057347},
  url     = {https://doi.org/10.1177/03010066211057347},
  note    = {Publisher: SAGE Publications Ltd STM},
  langid  = {en}
}

@article{konrath2009seeing,
  title     = {Seeing my world in a million little pieces: Narcissism, self-construal, and cognitive--perceptual Style},
  author    = {Konrath, Sara and Bushman, Brad J and Grove, Tyler},
  journal   = {Journal of Personality},
  volume    = {77},
  number    = {4},
  pages     = {1197--1228},
  year      = {2009},
  publisher = {Wiley Online Library}
}

@article{spencer2014,
  title   = {Oscillatory dynamics of Gestalt perception in schizophrenia revisited},
  author  = {Spencer, Kevin and Ghorashi, Shahab},
  year    = {2014},
  date    = {2014},
  journal = {Frontiers in Psychology},
  volume  = {5},
  url     = {https://www.frontiersin.org/articles/10.3389/fpsyg.2014.00068}
}

@article{yang2012,
  title   = {Visual Context Processing in Schizophrenia:},
  author  = {Yang, Eunice and Tadin, Duje and Glasser, Davis M. and Hong, Sang Wook and Blake, Randolph and Park, Sohee},
  year    = {2012},
  month   = {11},
  date    = {2012-11-15},
  journal = {Clinical Psychological Science},
  doi     = {10.1177/2167702612464618},
  url     = {https://journals.sagepub.com.remotexs.ntu.edu.sg/doi/10.1177/2167702612464618},
  note    = {Publisher: SAGE PublicationsSage CA: Los Angeles, CA},
  langid  = {en}
}

@article{tibber2013,
  title   = {Visual Surround Suppression in Schizophrenia},
  author  = {Tibber, Marc and Anderson, Elaine and Bobin, Tracy and Antonova, Elena and Seabright, Alice and Wright, Bernice and Carlin, Patricia and Shergill, Sukhwinder and Dakin, Steven},
  year    = {2013},
  date    = {2013},
  journal = {Frontiers in Psychology},
  volume  = {4},
  url     = {https://www.frontiersin.org/articles/10.3389/fpsyg.2013.00088}
}

@article{giaouri2011,
  title   = {Are children with Down syndrome susceptible to visual illusions?},
  author  = {Giaouri, Stergiani and Alevriadou, Anastasia},
  year    = {2011},
  month   = {12},
  date    = {2011-12-31},
  journal = {Procedia - Social and Behavioral Sciences},
  pages   = {1988--1992},
  volume  = {15},
  doi     = {10.1016/j.sbspro.2011.04.040}
}

@article{kaliuzhna2019,
  title   = {No evidence for abnormal priors in early vision in schizophrenia},
  author  = {Kaliuzhna, Mariia and Stein, Timo and Rusch, Tessa and Sekutowicz, Maria and Sterzer, Philipp and Seymour, Kiley J.},
  year    = {2019},
  month   = {08},
  date    = {2019-08-01},
  journal = {Schizophrenia Research},
  pages   = {245--254},
  volume  = {210},
  doi     = {10.1016/j.schres.2018.12.027},
  url     = {https://www.sciencedirect.com/science/article/pii/S0920996418307230},
  langid  = {en}
}

@article{keane2014,
  title   = {Late, not early, stages of Kanizsa shape perception are compromised in schizophrenia},
  author  = {Keane, Brian P. and Joseph, Jamie and Silverstein, Steven M.},
  year    = {2014},
  month   = {04},
  date    = {2014-04-01},
  journal = {Neuropsychologia},
  pages   = {302--311},
  volume  = {56},
  doi     = {10.1016/j.neuropsychologia.2014.02.001},
  url     = {https://www.sciencedirect.com/science/article/pii/S0028393214000426},
  langid  = {en}
}

@article{hamburger2016,
  title   = {Visual Illusions Based on Processes: New Classification System Needed:},
  author  = {Hamburger, Kai},
  year    = {2016},
  month   = {01},
  date    = {2016-01-28},
  journal = {Perception},
  doi     = {10.1177/0301006616629038},
  url     = {https://journals.sagepub.com.remotexs.ntu.edu.sg/doi/10.1177/0301006616629038},
  note    = {Publisher: SAGE PublicationsSage UK: London, England},
  langid  = {en}
}

@inbook{ditzinger2010,
  title  = {Optical Illusions: Examples for Nonlinear Dynamics in Perception},
  author = {Ditzinger, Thomas},
  year   = {2010},
  month  = {12},
  date   = {2010-12-09},
  pages  = {179--191},
  volume = {328},
  note   = {Journal Abbreviation: Studies in Computational Intelligence
            DOI: 10.1007/978-3-642-16262-6{\_}8}
}

@article{shekhar2021,
  title   = {The nature of metacognitive inefficiency in perceptual decision making},
  author  = {Shekhar, Medha and Rahnev, Dobromir},
  year    = {2021},
  date    = {2021},
  journal = {Psychological Review},
  pages   = {45--70},
  volume  = {128},
  number  = {1},
  doi     = {10.1037/rev0000249},
  note    = {Place: US
             Publisher: American Psychological Association}
}

@article{bogacz2006,
  title   = {The physics of optimal decision making: A formal analysis of models of performance in two-alternative forced-choice tasks},
  author  = {Bogacz, Rafal and Brown, Eric and Moehlis, Jeff and Holmes, Philip and Cohen, Jonathan D.},
  year    = {2006},
  date    = {2006},
  journal = {Psychological Review},
  pages   = {700--765},
  volume  = {113},
  number  = {4},
  doi     = {10.1037/0033-295X.113.4.700},
  note    = {Place: US
             Publisher: American Psychological Association}
}


@article{peer2022,
  title   = {Data quality of platforms and panels for online behavioral research},
  author  = {Peer, Eyal and Rothschild, David and Gordon, Andrew and Evernden, Zak and Damer, Ekaterina},
  year    = {2022},
  month   = {08},
  date    = {2022-08-01},
  journal = {Behavior Research Methods},
  pages   = {1643--1662},
  volume  = {54},
  number  = {4},
  doi     = {10.3758/s13428-021-01694-3},
  url     = {https://doi.org/10.3758/s13428-021-01694-3},
  langid  = {en}
}

@article{wickham2019,
  title   = {Welcome to the Tidyverse},
  author  = {Wickham, Hadley and Averick, Mara and Bryan, Jennifer and Chang, Winston and McGowan, Lucy and {François}, Romain and Grolemund, Garrett and Hayes, Alex and Henry, Lionel and Hester, Jim and Kuhn, Max and Pedersen, Thomas and Miller, Evan and Bache, Stephan and {Müller}, Kirill and Ooms, Jeroen and Robinson, David and Seidel, Dana and Spinu, Vitalie and Takahashi, Kohske and Vaughan, Davis and Wilke, Claus and Woo, Kara and Yutani, Hiroaki},
  year    = {2019},
  month   = {11},
  date    = {2019-11-21},
  journal = {Journal of Open Source Software},
  pages   = {1686},
  volume  = {4},
  number  = {43},
  doi     = {10.21105/joss.01686},
  url     = {http://dx.doi.org/10.21105/joss.01686}
}

@manual{RCoreTeam2022,
  title        = {R: A Language and Environment for Statistical Computing},
  author       = {{R Core Team}},
  organization = {R Foundation for Statistical Computing},
  address      = {Vienna, Austria},
  year         = {2022},
  url          = {https://www.R-project.org/}
}

@article{Burkner2017,
  title    = {{brms}: An {R} Package for {Bayesian} Multilevel Models
              Using {Stan}},
  author   = {Paul-Christian Bürkner},
  journal  = {Journal of Statistical Software},
  year     = {2017},
  volume   = {80},
  number   = {1},
  pages    = {1--28},
  doi      = {10.18637/jss.v080.i01},
  encoding = {UTF-8}
}

@software{easystatsPackage,
  title      = {{{easystats}}: Streamline
                Model Interpretation, Visualization, and Reporting},
  shorttitle = {{{easystats}}},
  author     = {L\"udecke, Daniel
                and Makowski, Dominique and Ben-Shachar, Mattan S. and
                Patil, Indrajeet and Wiernik, Brenton M.},
  date       = {2022-03-27T22:06:06Z},
  origdate   = {2019-01-28T10:39:29Z},
  url        = {https://github.com/easystats/easystats},
  urldate    = {2022-03-28},
  version    = {0.5.2}
}
@article{sibley2011,
  title   = {The Mini-IPIP6: Validation and extension of a short measure of the Big-Six factors of personality in New Zealand},
  author  = {Sibley, Chris and Luyten, N. and Wolfman, Missy and Mobberley, A. and Wootton, L.W. and Hammond, Matthew and Sengupta, Nikhil and Perry, Ryan and West-Newman, Tim and Wilson, Marc and McLellan, L. and Hoverd, W.J. and Robertson, A.},
  year    = {2011},
  month   = {01},
  date    = {2011-01-01},
  journal = {New Zealand Journal of Psychology},
  pages   = {142--159},
  volume  = {40}
}

@article{hopwood2012,
  title   = {DSM-5 personality traits and DSM{\textendash}IV personality disorders.},
  author  = {Hopwood, Christopher J. and Thomas, Katherine M. and Markon, Kristian E. and Wright, Aidan G. C. and Krueger, Robert F.},
  year    = {2012},
  month   = {05},
  date    = {2012-05},
  journal = {Journal of Abnormal Psychology},
  pages   = {424--432},
  volume  = {121},
  number  = {2},
  doi     = {10.1037/a0026656},
  url     = {http://dx.doi.org/10.1037/a0026656},
  langid  = {en}
}

@article{deleeuw2014,
  title   = {jsPsych: A JavaScript library for creating behavioral experiments in a Web browser},
  author  = {de Leeuw, Joshua R.},
  year    = {2014},
  month   = {03},
  date    = {2014-03-28},
  journal = {Behavior Research Methods},
  pages   = {1--12},
  volume  = {47},
  number  = {1},
  doi     = {10.3758/s13428-014-0458-y},
  url     = {http://dx.doi.org/10.3758/s13428-014-0458-y},
  langid  = {en}
}

@article{lanyi2022can,
  title     = {Can you believe your eyes? Positive schizotypy is associated with increased susceptibility to the M{\"u}ller-Lyer illusion},
  author    = {L{\'a}nyi, Orsolya and Keri, Szabolcs and P{\'a}lffy, Zs{\'o}fia and Polner, Bertalan},
  year      = {2022},
  publisher = {PsyArXiv}
}

@article{papageorgiou2020,
  title   = {Gender-dependent variations in optical illusions: evidence from N400 waveforms},
  author  = {Papageorgiou, Charalabos and Stachtea, Xanthi and Papageorgiou, Panos and Alexandridis, Antonio T. and Makris, Gerasimos and Chrousos, George and Kosteletos, George},
  year    = {2020},
  month   = {09},
  date    = {2020-09},
  journal = {Physiological Measurement},
  pages   = {095006},
  volume  = {41},
  number  = {9},
  doi     = {10.1088/1361-6579/abb2eb},
  url     = {https://doi.org/10.1088/1361-6579/abb2eb},
  note    = {Publisher: IOP Publishing},
  langid  = {en}
}

@article{lo2011,
  title  = {Investigation of Optical Illusions on the Aspects of Gender and Age},
  author = {Lo, Ka Chai and Dinov, Dr Ivo},
  year   = {2011},
  date   = {2011},
  pages  = {8},
  volume = {24},
  langid = {en}
}

@article{shaqiri2018,
  title   = {Sex-related differences in vision are heterogeneous},
  author  = {Shaqiri, Albulena and Roinishvili, Maya and Grzeczkowski, Lukasz and Chkonia, Eka and Pilz, Karin and Mohr, Christine and Brand, Andreas and Kunchulia, Marina and Herzog, Michael H.},
  year    = {2018},
  month   = {12},
  date    = {2018-12},
  journal = {Scientific Reports},
  pages   = {7521},
  volume  = {8},
  number  = {1},
  doi     = {10.1038/s41598-018-25298-8},
  url     = {http://www.nature.com/articles/s41598-018-25298-8},
  langid  = {en}
}

@article{kitaoka2000,
  title   = {Three elemental illusions determine the Zöllner illusion},
  author  = {Kitaoka, Akiyoshi and Ishihara, Masami},
  year    = {2000},
  month   = {05},
  date    = {2000-05-01},
  journal = {Perception & psychophysics},
  pages   = {569--75},
  volume  = {62}
}

@article{kitaoka2007,
  title   = {Tilt illusions after Oyama (1960): A review {\textsuperscript{1}}: Tilt illusions: A review},
  author  = {Kitaoka, Akiyoshi},
  year    = {2007},
  month   = {03},
  date    = {2007-03},
  journal = {Japanese Psychological Research},
  pages   = {7--19},
  volume  = {49},
  number  = {1},
  doi     = {10.1111/j.1468-5884.2007.00328.x},
  url     = {https://onlinelibrary.wiley.com/doi/10.1111/j.1468-5884.2007.00328.x},
  langid  = {en}
}

@article{cretenoud2020individual,
  title     = {Individual differences in the M{\"u}ller-Lyer and Ponzo illusions are stable across different contexts},
  author    = {Cretenoud, Aline F and Grzeczkowski, Lukasz and Bertamini, Marco and Herzog, Michael H},
  journal   = {Journal of Vision},
  volume    = {20},
  number    = {6},
  pages     = {4--4},
  year      = {2020},
  publisher = {The Association for Research in Vision and Ophthalmology}
}

@article{grzeczkowski2017,
  title   = {About individual differences in vision},
  author  = {Grzeczkowski, Lukasz and Clarke, Aaron M. and Francis, Gregory and Mast, Fred W. and Herzog, Michael H.},
  year    = {2017},
  month   = {12},
  date    = {2017-12-01},
  journal = {Vision Research},
  pages   = {282--292},
  series  = {Individual differences as a window into the structure and function of the visual system},
  volume  = {141},
  doi     = {10.1016/j.visres.2016.10.006},
  url     = {https://www.sciencedirect.com/science/article/pii/S004269891630150X},
  langid  = {en}
}

@article{zhang2017,
  title   = {Personality traits and perception of Müller-Lyer illusion in male Chinese military soldiers and university students},
  author  = {Zhang, Yingchun and Liu, Jing and Wang, Yongli and Huang, Jingyi and Wei, Lili and Zhang, Bingren and Wang, Wei and Chen, Wei},
  year    = {2017},
  month   = {01},
  date    = {2017-01-01},
  journal = {Translational Neuroscience},
  pages   = {15--20},
  volume  = {8},
  number  = {1},
  doi     = {10.1515/tnsci-2017-0004},
  url     = {https://www.degruyter.com/document/doi/10.1515/tnsci-2017-0004/html?lang=en},
  note    = {Publisher: De Gruyter Open Access},
  langid  = {en}
}

@article{pessoa2008,
  title   = {The Müller-Lyer Illusion as a Tool for Schizophrenia Screening},
  author  = {Pessoa, V.F. and Monge-Fuentes, V. and Simon, C.Y. and Suganuma, E. and Tavares, M.C.H.},
  year    = {2008},
  month   = {01},
  date    = {2008-01},
  journal = {Reviews in the Neurosciences},
  volume  = {19},
  number  = {2-3},
  doi     = {10.1515/REVNEURO.2008.19.2-3.91},
  url     = {https://www.degruyter.com/document/doi/10.1515/REVNEURO.2008.19.2-3.91/html}
}

@article{ohmann2016,
  title   = {Nothing compares to me: How narcissism shapes comparative thinking},
  author  = {Ohmann, Katharina and Burgmer, Pascal},
  year    = {2016},
  month   = {08},
  date    = {2016-08},
  journal = {Personality and Individual Differences},
  pages   = {162--170},
  volume  = {98},
  doi     = {10.1016/j.paid.2016.03.069},
  url     = {https://linkinghub.elsevier.com/retrieve/pii/S0191886916302227},
  langid  = {en}
}


@book{qadri2020,
  title  = {The Effect of State and Trait Anxiety on the Perception of the Hollow Mask Illusion},
  author = {Qadri, Alia},
  year   = {2020},
  month  = {06},
  date   = {2020-06-01},
  doi    = {10.13140/RG.2.2.26536.49920},
  note   = {DOI: 10.13140/RG.2.2.26536.49920}
}

@article{baroun2005,
  title   = {The impact of anxiety and gender on perceiving the Mueller-Lyer illusion},
  author  = {Baroun, Khader and Al-Ansari, Bader},
  year    = {2005},
  month   = {01},
  date    = {2005-01-01},
  journal = {Social Behavior and Personality: an international journal},
  pages   = {33--42},
  volume  = {33},
  doi     = {10.2224/sbp.2005.33.1.33}
}

@article{hlavata2018,
  title   = {Autism, impulsivity and inhibition a review of the literature},
  author  = {{Hlavatá}, {Pavlína} and {Ka{\v{s}}párek}, {Tomá{\v{s}}} and {Linhartová}, Pavla and {O{\v{s}}lej{\v{s}}ková}, Hana and {Bare{\v{s}}}, Martin},
  year    = {2018},
  month   = {11},
  date    = {2018-11-01},
  journal = {Basal Ganglia},
  pages   = {44--53},
  volume  = {14},
  doi     = {10.1016/j.baga.2018.10.002},
  url     = {https://www.sciencedirect.com/science/article/pii/S2210533618300224},
  langid  = {en}
}

@phdthesis{mcgurk,
  title   = {Determinants of Differential Susceptibility to Visual Illusions},
  author  = {MCGURK, ETHEL LA NOUE},
  year    = {1961},
  url     = {https://www.proquest.com/docview/302151272/citation/9A2E5A7B6AF14BE9PQ/1},
  note    = {ISBN: 9798654622600},
  address = {United States -- California},
  langid  = {English}
}

@article{dixon2014,
  title   = {Scale-invariance in brightness illusions implicates object-level visual processing},
  author  = {Dixon, Erica and Shapiro, Arthur and Lu, Zhong-Lin},
  year    = {2014},
  month   = {01},
  date    = {2014-01-29},
  journal = {Scientific Reports},
  pages   = {3900},
  volume  = {4},
  number  = {1},
  doi     = {10.1038/srep03900},
  url     = {https://www.nature.com/articles/srep03900},
  note    = {Number: 1
             Publisher: Nature Publishing Group},
  langid  = {en}
}

@article{miller2001,
  title   = {Gender Differences in Illusion Response: The Inffluence of Spatial Strategy and Sex Ratio},
  author  = {Miller, R. J.},
  year    = {2001},
  date    = {2001},
  journal = {Sex Roles},
  pages   = {209--225},
  volume  = {44},
  number  = {3/4},
  doi     = {10.1023/A:1010907204430},
  url     = {http://link.springer.com/10.1023/A:1010907204430}
}

@article{wang2019,
  title   = {Age-Related Decline of Low-Spatial-Frequency Bias in Context-Dependent Visual Size Perception},
  author  = {Wang, Anqi and Zhu, Shengnan and Chen, Lihong and Luo, Wenbo},
  year    = {2019},
  date    = {2019},
  journal = {Frontiers in Psychology},
  volume  = {10},
  url     = {https://www.frontiersin.org/articles/10.3389/fpsyg.2019.01768}
}

@article{witkin1976,
  title   = {Field Dependence and Interpersonal Behavior},
  author  = {Witkin, Herman A. and Goodenough, Donald R.},
  year    = {1976},
  date    = {1976},
  journal = {ETS Research Bulletin Series},
  pages   = {i--78},
  volume  = {1976},
  number  = {1},
  doi     = {10.1002/j.2333-8504.1976.tb01098.x},
  url     = {https://onlinelibrary.wiley.com/doi/abs/10.1002/j.2333-8504.1976.tb01098.x},
  note    = {{\_}eprint: https://onlinelibrary.wiley.com/doi/pdf/10.1002/j.2333-8504.1976.tb01098.x},
  langid  = {en}
}

@article{damour2021,
  title   = {The role of cognitive factors and personality traits in the perception of illusory self-motion (vection)},
  author  = {{D{\textquoteright}Amour}, Sarah and Harris, Laurence R. and Berti, Stefan and Keshavarz, Behrang},
  year    = {2021},
  date    = {2021},
  journal = {Attention, Perception & Psychophysics},
  pages   = {1804--1817},
  volume  = {83},
  number  = {4},
  doi     = {10.3758/s13414-020-02228-3},
  url     = {https://www.ncbi.nlm.nih.gov/pmc/articles/PMC8084801/},
  note    = {PMID: 33409903
             PMCID: PMC8084801}
}

@phdthesis{fox2006,
  title  = {Adolescent self-development and psychopathology: Anorexia nervosa and psychosis},
  author = {Fox, Andrew},
  year   = {2006},
  month  = {11},
  date   = {2006-11-01}
}

@article{calamari2000field,
  title     = {Field dependence and verbalized strategies on the portable rod-and-frame test by depressed outpatients and normal controls},
  author    = {Calamari, Elena and Pini, Mauro and Puleggio, Antonio},
  journal   = {Perceptual and Motor Skills},
  volume    = {91},
  number    = {3\_suppl},
  pages     = {1221--1229},
  year      = {2000},
  publisher = {Sage Publications Sage CA: Los Angeles, CA}
}

@article{parkes1981field,
  title     = {Field dependence and the differentiation of affective states},
  author    = {Parkes, Katharine R},
  journal   = {The British Journal of Psychiatry},
  volume    = {139},
  number    = {1},
  pages     = {52--58},
  year      = {1981},
  publisher = {Cambridge University Press}
}

@article{hoyle2006,
  title   = {Personality and self-regulation: trait and information-processing perspectives},
  author  = {Hoyle, Rick H.},
  year    = {2006},
  month   = {12},
  date    = {2006-12},
  journal = {Journal of Personality},
  pages   = {1507--1525},
  volume  = {74},
  number  = {6},
  doi     = {10.1111/j.1467-6494.2006.00418.x},
  note    = {PMID: 17083656},
  langid  = {eng}
}

@article{msetfi2009,
  title   = {Short article: Impaired context maintenance in mild to moderately depressed students},
  author  = {Msetfi, Rachel M. and Murphy, Robin A. and Kornbrot, Diana E. and Simpson, Jane},
  year    = {2009},
  month   = {04},
  date    = {2009-04},
  journal = {Quarterly Journal of Experimental Psychology},
  pages   = {653--662},
  volume  = {62},
  number  = {4},
  doi     = {10.1080/17470210802486092},
  url     = {http://journals.sagepub.com/doi/10.1080/17470210802486092},
  langid  = {en}
}

@article{cretenoud2020illusions,
  title     = {When illusions merge},
  author    = {Cretenoud, Aline F and Francis, Gregory and Herzog, Michael H},
  journal   = {Journal of vision},
  volume    = {20},
  number    = {8},
  pages     = {12--12},
  year      = {2020},
  publisher = {The Association for Research in Vision and Ophthalmology}
}

@article{cretenoud2021individual,
  title={Individual differences in the perception of visual illusions are stable across eyes, time, and measurement methods},
  author={Cretenoud, Aline F and Grzeczkowski, Lukasz and Kunchulia, Marina and Herzog, Michael H},
  journal={Journal of vision},
  volume={21},
  number={5},
  pages={26--26},
  year={2021},
  publisher={The Association for Research in Vision and Ophthalmology}
}

@article{halpern1999interindividual,
  title={Interindividual variation in human visual performance},
  author={Halpern, Scott D and Andrews, Timothy J and Purves, Dale},
  journal={Journal of cognitive neuroscience},
  volume={11},
  number={5},
  pages={521--534},
  year={1999},
  publisher={MIT Press}
}

@article{thurstone1944factorial,
  title={A factorial study of perception.},
  author={Thurstone, Louis Leon},
  year={1944},
  publisher={University of Chicago Press}
}

@article{skottun2014subjective,
  title={Subjective criteria and illusions in visual testing: some methodological limitations},
  author={Skottun, Bernt C and Skoyles, John R},
  journal={Psychological research},
  volume={78},
  number={1},
  pages={136--140},
  year={2014},
  publisher={Springer}
}

@article{bressan2021most,
  title={Most findings obtained with untimed visual illusions are confounded},
  author={Bressan, Paola and Kramer, Peter},
  journal={Psychological Science},
  volume={32},
  number={8},
  pages={1238--1246},
  year={2021},
  publisher={Sage Publications Sage CA: Los Angeles, CA}
}

@article{coren1976empirical,
  title={An empirical taxonomy of visual illusions},
  author={Coren, Stanley and Girgus, Joan S and Erlichman, Howard and Hakstian, A Ralph},
  journal={Perception \& psychophysics},
  volume={20},
  number={2},
  pages={129--137},
  year={1976},
  publisher={Springer}
}

@article{cretenoud2021visual,
  title={How do visual skills relate to action video game performance?},
  author={Cretenoud, Aline F and Barakat, Arthur and Milliet, Alain and Choung, Oh-Hyeon and Bertamini, Marco and Constantin, Christophe and Herzog, Michael H},
  journal={Journal of vision},
  volume={21},
  number={7},
  pages={10--10},
  year={2021},
  publisher={The Association for Research in Vision and Ophthalmology}
}

@article{pressey1974effect,
  title={Effect of size of angle on the ambiguous M{\"u}ller-Lyer illusion},
  author={Pressey, Alexander W},
  journal={Acta Psychologica},
  volume={38},
  number={5},
  pages={401--404},
  year={1974},
  publisher={Elsevier}
}

@article{bondarko2020tilt,
  title={The Tilt Illusion and Orientation Sensitivity},
  author={Bondarko, VM},
  journal={Human Physiology},
  volume={46},
  number={3},
  pages={312--320},
  year={2020},
  publisher={Springer}
}